@inproceedings{SLAMBench2015,
	author={Nardi, Luigi and Bodin, Bruno and Zia, M. Zeeshan and Mawer, John and 
	    Nisbet, Andy and Kelly, Paul H. J. and Davison, Andrew J. and Luj\'an, Mikel and 
	    O'Boyle, Michael F. P. and Riley, Graham and Topham, Nigel and Furber, Steve},
	title = "{Introducing SLAMBench, a performance and accuracy benchmarking methodology for SLAM}",
	booktitle = "{IEEE Intl. Conf. on Robotics and Automation (ICRA)}",
	year = {2015},
	month = {May},
	NOTE = {arXiv:1410.2167}
} 

@inproceedings{KinectFusion2011,
 author = {Newcombe, Richard A. and Izadi, Shahram and Hilliges, Otmar and Molyneaux, David and Kim, David and Davison, Andrew J. and Kohli, Pushmeet and Shotton, Jamie and Hodges, Steve and Fitzgibbon, Andrew},
 title = {KinectFusion: Real-time Dense Surface Mapping and Tracking},
 booktitle = {Proceedings of the 2011 10th IEEE International Symposium on Mixed and Augmented Reality},
 series = {ISMAR '11},
 year = {2011},
 isbn = {978-1-4577-2183-0},
 pages = {127--136},
 numpages = {10},
 url = {http://dx.doi.org/10.1109/ISMAR.2011.6092378},
 doi = {10.1109/ISMAR.2011.6092378},
 acmid = {2120179},
 publisher = {IEEE Computer Society},
 address = {Washington, DC, USA},
}

@misc{PAMELAWeb2012,
    title = {PAMELA - A Panoramic View of the Many-core Landscape},
    year = {2012},
    note = {\url{http://apt.cs.manchester.ac.uk/projects/PAMELA/index.html}}
}